%% This BibTeX bibliography file was created using BibDesk.
%% http://bibdesk.sourceforge.net/

%% Created for Aram Salihi at 2018-12-18 06:47:50 +0100 


%% Saved with string encoding Unicode (UTF-8) 



@article{DM,
	Author = {Hjorth-Jensen, M},
	Date-Added = {2018-12-18 05:28:21 +0000},
	Date-Modified = {2018-12-18 05:42:31 +0000},
	Title = {Project 5, Disease Modeling},
	Year = {2018}}

@article{WU,
	Author = {Jianjun Wu, Ziyou Gai and Huijun Sun},
	Date-Added = {2018-12-18 05:26:17 +0000},
	Date-Modified = {2018-12-18 05:28:10 +0000},
	Journal = {Modern Physics Letters B},
	Title = {Simulation Of Traffic Congestion With SIR Model},
	Volume = {Vol. 18, No. 30, pp. 1537-1542 },
	Year = {2004}}

@article{knut,
	Author = {M{\o}rken, Knut},
	Date-Added = {2018-12-18 05:24:21 +0000},
	Date-Modified = {2018-12-18 05:25:20 +0000},
	Title = {Numerical Algorithms and Digital Representation},
	Year = {2017}}

@article{morten,
	Author = {Hjorth-Jensen, M},
	Date-Added = {2018-12-18 05:23:19 +0000},
	Date-Modified = {2018-12-18 05:23:19 +0000},
	Title = {Computational Physics FYS3150/FYS4150, Lecture notes},
	Year = {Fall 2015}}
