%% This BibTeX bibliography file was created using BibDesk.
%% http://bibdesk.sourceforge.net/

%% Created for Aram Salihi at 2018-09-30 11:45:53 +0200 


%% Saved with string encoding Unicode (UTF-8) 



@article{p2,
	Author = {Morten Hjorth-Jensen},
	Date-Added = {2018-09-30 09:43:04 +0000},
	Date-Modified = {2018-09-30 09:45:47 +0000},
	Title = {Project 2, Eigenvalue problem, from the equations of a buckling beam to schr{\"o}edingers equation for two electrons in three dimensional harmonic oscillator well.},
	Year = { Aug 6. 2018}}

@article{loss,
	Author = {Loss, Daniel and Divicenzo, David.},
	Date-Added = {2018-09-30 09:35:17 +0000},
	Date-Modified = {2018-09-30 09:36:36 +0000},
	Journal = {Phys.Rev A},
	Number = {120},
	Title = {Quantum computations with quantum dots},
	Volume = {57},
	Year = {1998}}

@article{taut,
	Author = {Taut, M.},
	Date-Added = {2018-09-30 09:32:43 +0000},
	Date-Modified = {2018-09-30 09:35:15 +0000},
	Journal = {Phys rev.},
	Number = {3561},
	Title = {Two electrons in an external oscillator potential: Particular analytical solutions of a coloumb correlation problem.},
	Volume = {A 48},
	Year = {1993}}

@article{gg,
	Author = {Griffiths, David.J},
	Date-Added = {2018-09-30 09:24:46 +0000},
	Date-Modified = {2018-09-30 09:41:16 +0000},
	Title = {Introduction to quantum mechanics},
	Year = {2016}}

@article{morten2,
	Author = {Morten Hjorth-Jensen},
	Date-Added = {2018-09-09 16:42:55 +0000},
	Date-Modified = {2018-09-09 16:43:48 +0000},
	Title = {Lecture Note Fall},
	Year = {2015}}

@article{Knut,
	Author = {Knut M{\o}rken},
	Date-Added = {2018-09-09 16:42:11 +0000},
	Date-Modified = {2018-09-09 16:42:53 +0000},
	Title = {Nummerical Algorithms and Digital representation},
	Year = {2015}}

@article{morten,
	Author = {Morten Hjorth-Jensen},
	Date-Added = {2018-09-09 16:41:19 +0000},
	Date-Modified = {2018-09-09 16:44:04 +0000},
	Title = {Project1 FYS4150/3150},
	Year = {2018}}
